% Encoding: UTF-8


@Conference{conference_fb,
  Title                    = {Social Networks' Facebook' Statutes Updates Mining for Sentiment Classification},
  Author                   = {Jalel Akaichi},
  Booktitle                = {Social Computing (SocialCom), 2013 International Conference on},
  Year                     = {2014},

  Address                  = {Alexandria, VA, USA},

  Owner                    = {flaviapezoti},
  Timestamp                = {2017.05.10}
}

@Book{book_ia_concepts,
  Title                    = {Artificial Intelligence: Concepts, Methodologies, Tools, and Applications.},
  Author                   = {Information Resources Management Association},
  Publisher                = {IGI Global},
  Year                     = {2016},

  Owner                    = {flaviapezoti},
  Timestamp                = {2017.05.10}
}

@Book{bellman,
  Title                    = {An Introduction to Artificial Intelligence: Can Computers Think?},
  Author                   = {Bellman, R.E},
  Year                     = {1978},

  Owner                    = {gabrielalves},
  Timestamp                = {2017.05.29}
}

@Book{book_python_orly,
  Title                    = {Natural Language Processing with Python},
  Author                   = {Bird, S. and Klein, E. and Loper, E.},
  Publisher                = {O'Reilly Media, Inc.},
  Year                     = {2009},

  Owner                    = {flaviapezoti},
  Timestamp                = {2017.05.10}
}

@InBook{inBook_Bisio2017,
  Title                    = {A Practical Guide to Sentiment Analysis},
  Author                   = {Federica Bisio and Claudia Meda and Paolo Gastaldo and Rodolfo Zunino and Erik Cambria},
  Chapter                  = {Concept-Level Sentiment Analysis with SenticNet},
  Pages                    = {173-189},
  Year                     = {2017}
}

@InBook{inBook_Bisio2016,
  Title                    = {Sentiment Analysis in Social Networks},
  Author                   = {F. Bisio and L. Onetoa and E. Cambria},
  Chapter                  = {Sentic Computing for Social Network Analysis},
  Publisher                = {Elsevier Inc},
  Year                     = {2016}
}

@Misc{tweetstream,
  Title                    = {Tweetstream},

  Author                   = {M. Bleigh and S. Agalloco and E. Michaels-Ober},
  HowPublished             = {\url{https://github.com/tweetstream/tweetstream}},
  Note                     = {(Acessado em; 05/04/2017)},

  Owner                    = {flaviapezoti},
  Timestamp                = {2017.05.10}
}

@Book{laws_of_thought,
  Title                    = {The Laws of Thought},
  Author                   = {Boole, George},
  Year                     = {1854},

  Owner                    = {gabrielalves},
  Timestamp                = {2017.05.29}
}

@Article{article_tweet_crisis,
  Title                    = {Learning to Classify Emotional Content in Crisis-Related Tweets},
  Author                   = {J. Brynielsson and F. Johansson and A. Westling},
  Journal                  = {Institute for Scientific Information},
  Year                     = {2013},
  Pages                    = {33-38},
  Volume                   = {13},

  Owner                    = {flaviapezoti},
  Timestamp                = {2017.05.10}
}

@Article{article_google_flu,
  Title                    = {When Google got flu wrong.},
  Author                   = {BUTLER, D.},
  Journal                  = {NATURE},
  Year                     = {2013},
  Pages                    = {155-156},
  Volume                   = {494},

  Owner                    = {flaviapezoti},
  Timestamp                = {2017.05.10}
}

@Book{book_Cambria2015,
  Title                    = {Sentic Computing - A Common-Sense-Based Framework for Concept-Level Sentiment Analysis},
  Author                   = {Erik Cambria and Amir Hussain},
  Publisher                = {Springer International Publishing},
  Year                     = {2015}
}

@Conference{Cambria2014,
  Title                    = {SenticNet 3: A common and common-sense sense knowledge base for cognition-driven sentiment analysis},
  Author                   = {E. Cambria and D. Olsher and D. Rajagopal},
  Year                     = {2014}
}

@Book{,
  Author                   = {Carrillo de Albornoz, J. and Plaza, L. and Gervás, P.},

  Owner                    = {flaviapezoti},
  Timestamp                = {2017.05.10}
}

@Conference{carrilho,
  Title                    = {SentiSense: An easily scalable concept-based affective lexicon for Sentiment Analysis},
  Author                   = {Carrillo de Albornoz, J. and Plaza, L. and Gervás, P.},
  Booktitle                = {The 8th International Conference on Language Resources and Evaluation (LREC 2012)},
  Year                     = {2012},

  Owner                    = {flaviapezoti},
  Timestamp                = {2017.05.10}
}

@Book{charniak_mcdermott,
  Title                    = {Introduction to Artificial Intelligence},
  Author                   = {Charniak, E. and McDermott, D},
  Year                     = {1985},

  Owner                    = {gabrielalves},
  Timestamp                = {2017.05.29}
}

@Conference{conference_twitter_alg,
  Title                    = {Twitter sentiment analysis using various classification algorithms},
  Author                   = {Ajay Deshwal and Sudhir Kumar Sharma},
  Booktitle                = {Reliability, Infocom Technologies and Optimization (Trends and Future Directions) (ICRITO), 2016 5th International Conference on},
  Year                     = {2016},

  Address                  = {Noida, India},
  Month                    = {Setembro},
  Publisher                = {IEEE},

  Owner                    = {flaviapezoti},
  Timestamp                = {2017.05.10}
}

@Article{article_weka,
  Title                    = {The WEKA Data Mining Software: An Update},
  Author                   = {M. Hall and E. Frank and G. Holmes and B. Pfahringer and P. Reutemann and I. H. Witten},
  Journal                  = {SIGKDD Explorations},
  Year                     = {2009},
  Number                   = {1},
  Volume                   = {11},

  Owner                    = {flaviapezoti},
  Timestamp                = {2017.05.10}
}

@Book{book_social_machines,
  Title                    = {Social Machines: The Coming Collision of Artificial Intelligence, Social Networking, and Humanity.},
  Author                   = {Hendler, J. and Mulvehill, A. M.},
  Publisher                = {Apress},
  Year                     = {2016},

  Owner                    = {flaviapezoti},
  Timestamp                = {2017.05.10}
}

@Manual{watson_manual,
  Title                    = {The Era of Cognitive Systems: An Inside Look at IBM Watson and How it Works},
  Author                   = {High, Rob},
  Month                    = {Dezembro},
  Organization             = {IBM Corp.},
  Year                     = {2012},

  Optaddress               = {•},
  Optannote                = {•},
  Optedition               = {•},
  Optkey                   = {•},
  Optmonth                 = {December},
  Optnote                  = {•},
  Optyear                  = {2012},
  Url                      = {http://www.redbooks.ibm.com/redpapers/pdfs/redp4955.pdf}
}

@Conference{IJCAI_11,
  Title                    = {workshop on empirical methods in artificial intelligence},
  Author                   = {IJCAI},
  Year                     = {2011},

  Owner                    = {flaviapezoti},
  Timestamp                = {2017.06.18}
}

@Book{kirk,
  Title                    = {Thoughtful Machine Learning with Python},
  Author                   = {Matthew Kirk},
  Publisher                = { O'Reilly Media, Inc.},
  Year                     = {2017}
}

@Book{book_discover_practices,
  Title                    = {Knowledge Discovery Practices and Emerging Applications of Data Mining: Trends and New Domains.},
  Author                   = {Kumar, A. S.},
  Publisher                = {IGI Global},
  Year                     = {2010},

  Owner                    = {flaviapezoti},
  Timestamp                = {2017.05.10}
}

@Book{book_natural_lang,
  Title                    = {Natural Language Processing and Computational Linguistics},
  Author                   = {Kurdi, M. Z.},
  Publisher                = {John Wiley \& Sons},
  Year                     = {2016},

  Owner                    = {flaviapezoti},
  Timestamp                = {2017.05.10}
}

@Book{bliu_2012,
  Title                    = {Sentiment Analysis and Opinion Mining},
  Author                   = {Liu, B.},
  Publisher                = {Morgan \& Claypool},
  Year                     = {2012},

  Owner                    = {flaviapezoti},
  Timestamp                = {2017.05.10}
}

@Book{book_sentiment_social,
  Title                    = {Sentiment Analysis in Social Networks},
  Author                   = {Liu, B. and Messina, E. and Fersini, E. and Pozzi, F. A.},
  Publisher                = {Morgan Kaufmann},
  Year                     = {2016},

  Owner                    = {flaviapezoti},
  Timestamp                = {2017.05.10}
}

@Book{book_natlang_python,
  Title                    = {Natural Language Processing: Python and NLTK.},
  Author                   = {Mathur, I. and et al},
  Year                     = {2016},

  Owner                    = {flaviapezoti},
  Timestamp                = {2017.05.10}
}

@Article{article_sentiment_twitter,
  Title                    = {Sentiment Analysis in Twitter Messages Using Constrained and Unconstrained Data Categories},
  Author                   = {S. R. Muthutantrige and A. Weerasinghe},
  Journal                  = {IEEE},
  Year                     = {2016},
  Pages                    = {304-310},

  Owner                    = {flaviapezoti},
  Timestamp                = {2017.05.10}
}

@Article{article_sentiment_analysis,
  Title                    = {Sentiment data flow analysis by means of dynamic linguistic patterns},
  Author                   = {Poria, S. and Cambria, E. and Gelbukh, A. and Bisio, F. and Hussain, A.},
  Journal                  = {IEEE Computational intelligence magazine},
  Year                     = {2015},
  Pages                    = {1556-603},
  Volume                   = {15},

  Owner                    = {flaviapezoti},
  Timestamp                = {2017.05.10}
}

@Article{article_Poria2014,
  Title                    = {Sentic patterns: Dependency - based rules for concept-level sentiment analysis},
  Author                   = {S. Poria and E. Cambria and G. Winterstein and G.-B Huang},
  Journal                  = {Knowl.-Based Syst.},
  Year                     = {2014}
}

@Misc{raschka,
  Title                    = {Naive Bayes and Text Classification I - Introduction and Theory},

  Author                   = {Sebastian Raschka},
  HowPublished             = {\url{https://sebastianraschka.com/Articles/2014_naive_bayes_1.html}},
  Note                     = {(Acessado em; 17/06/2017)},
  Year                     = {2014},

  Owner                    = {flaviapezoti},
  Timestamp                = {2017.05.10}
}

@Book{r_julian_heart,
  Title                    = {Python: Deeper Insights into Machine Learning},
  Author                   = {Raschka, S and Julian, D. and Hearty, J.},
  Year                     = {2016},

  Owner                    = {ericcampa},
  Timestamp                = {2017.05.29}
}

@Book{rich_knight,
  Title                    = {An Introduction to Artificial Intelligence: Can Computers Think?},
  Author                   = {Rich, E. and Knight, K.},
  Year                     = {1978},

  Owner                    = {gabrielalves},
  Timestamp                = {2017.05.29}
}

@InProceedings{Rish,
  Title                    = {An empirical study of the naive bayes classifier},
  Author                   = {Irina Rish},
  Booktitle                = {workshop on empirical methods in artificial intelligence},
  Year                     = {2001},
  Organization             = {IJCAI 2001},
  Pages                    = {41–46},

  Owner                    = {flaviapezoti},
  Timestamp                = {2017.06.18}
}

@Book{iconix,
  Title                    = {Use Case Driven Object Modeling with UML},
  Author                   = {Rosenberg, Doug and Stephens, Matt},
  Editor                   = {Gannik, Jonathan},
  Publisher                = {Apress},
  Year                     = {2007},

  Address                  = {Nova Iorque},

  Optaddress               = {•},
  Optannote                = {•},
  Optedition               = {•},
  Optkey                   = {•},
  Optmonth                 = {•},
  Optnote                  = {•},
  Optnumber                = {•},
  Optseries                = {•},
  Optvolume                = {•},
  Subtitle                 = {Theory and Practice}
}

@Book{norvig2nd,
  Title                    = {Inteligência Artifical},
  Author                   = {Russel, Stuart and Norvig, Peter.},
  Year                     = {2003},
  Edition                  = {2nd},

  Owner                    = {flaviapezoti},
  Timestamp                = {2017.05.10}
}

@Book{norvig3rd,
  Title                    = {Inteligência Artifical},
  Author                   = {Russel, Stuart and Norvig, Peter.},
  Year                     = {2009},
  Edition                  = {3rd},

  Owner                    = {flaviapezoti},
  Timestamp                = {2017.05.10}
}

@Book{book_political_opinion,
  Title                    = {Political Opinion Mining from Twitter. International Journal of Information Systems in the Service Sector (IJISSS)},
  Author                   = {Sharma, Y. and Mittal, E. and  Garg, M.},
  Year                     = {2016},

  Owner                    = {flaviapezoti},
  Timestamp                = {2017.05.10}
}

@Article{turing,
  Title                    = {Computing machinery and intelligence.},
  Author                   = {Turing, Alan},
  Journal                  = {Mind},
  Year                     = {1950},
  Pages                    = {433-460},
  Volume                   = {59},

  Owner                    = {flaviapezoti},
  Timestamp                = {2017.05.10}
}

@Conference{conference_twitter_sports,
  Title                    = {Is Twitter a good enough social sensor for sports TV?},
  Author                   = {Venu Vasudevan  and Jehan Wickramasuriya  and  Siqi Zhao and  Lin Zhong},
  Booktitle                = {Pervasive Computing and Communications Workshops (PERCOM Workshops), 2013 IEEE International Conference on},
  Year                     = {2013},

  Address                  = {San Diego, CA, USA},
  Month                    = {Julho},
  Publisher                = {IEEE},

  Owner                    = {flaviapezoti},
  Timestamp                = {2017.05.10}
}

@Misc{twitter_company,
  Title                    = {Sobre o Twitter},
  Author                   = {Twitter},
  HowPublished             = {\url{https://about.twitter.com/pt/company}},
  Year                     = {2017},
  Note                     = {(Accessed on 04/10/2017)}
}

@Misc{TwitterU87:online,
  Title                    = {Twitter Usage Statistics - Internet Live Stats},
  HowPublished             = {\url{http://www.internetlivestats.com/twitter-statistics/}},
  Author                   = {Twitter},
  Year                     = {2017},
  Note                     = {(Accessed on 04/10/2017)}
}

@Book{haugeland,
  Title                    = {Artificial Intelligence: The Very Idea},
  Author                   = {Haugeland, John},
  Year                     = {1985},
  Owner                    = {gabrielalves},
  Timestamp                = {2017.05.29}
}


@Book{bellman,
  Title                    = {An Introduction to Artificial Intelligence: Can Computers Think?},
  Author                   = {Bellman, R.E},
  Year                     = {1978},
  Owner                    = {gabrielalves},
  Timestamp                = {2017.05.29}
}


@Book{charniak_mcdermott,
  Title                    = {Introduction to Artificial Intelligence},
  Author                   = {Charniak, E. and McDermott, D},
  Year                     = {1985},
  Owner                    = {gabrielalves},
  Timestamp                = {2017.05.29}
}


@Book{winston,
  Title                    = {Artificial Intelligence(Third edition).},
  Author                   = {Winston, P. H.},
  Year                     = {1992},
  Owner                    = {gabrielalves},
  Timestamp                = {2017.05.29}
}

@Book{kurzweil,
  Title                    = {The Age of Intelligent Machines},
  Author                   = {Kurzweil, R},
  Year                     = {1990},
  Owner                    = {gabrielalves},
  Timestamp                = {2017.05.29}
}


@Book{rich_knight,
  Title                    = {An Introduction to Artificial Intelligence: Can Computers Think?},
  Author                   = {Rich,  E. and  Knight,  K.},
  Year                     = {1978},
  Owner                    = {gabrielalves},
  Timestamp                = {2017.05.29}
}


@Book{poole,
  Title                    = {Computational intelligence: A logical approach},
  Author                   = {Poole, D. and Mackworth, A. K. and Goebel, R.},
  Year                     = {1998},
  Owner                    = {gabrielalves},
  Timestamp                = {2017.05.29}
}


@Book{nilsson,
  Title                    = {Artificial Intelligence: A New Synthesis},
  Author                   = {Nilsson, N. J.},
  Year                     = {1998},
  Owner                    = {gabrielalves},
  Timestamp                = {2017.05.29}
}

@Book{wilson_keil,
  Title                    = {The MIT Encyclopedia of the Cognitive Sciences},
  Author                   = {Wilson,   R.  A.  and  Keil,   F.   C.},
  Year                     = {1999},
  Owner                    = {gabrielalves},
  Timestamp                = {2017.05.29}
}

@Book{laws_of_thought,
  Title                    = {The Laws of Thought},
  Author                   = {Boole, George},
  Year                     = {1854},
  Owner                    = {gabrielalves},
  Timestamp                = {2017.05.29}
}

@Book{guido_muller,
  Title                    = {Introduction to Machine Learning with Python},
  Author                   = {Guido, S. and Müller, A. C.},
  Year                     = {2016},
  Owner                    = {ericcampa},
  Timestamp                = {2017.05.29}
}

@Book{r_julian_heart,
  Title                    = {Python: Deeper Insights into Machine Learning},
  Author                   = {Raschka, S and Julian, D. and Hearty, J.},
  Year                     = {2016},
  Owner                    = {ericcampa},
  Timestamp                = {2017.05.29}
}

@Book{book_Cambria2015,
  title     = {Sentic Computing - A Common-Sense-Based Framework for Concept-Level Sentiment Analysis},
  publisher = {Springer International Publishing},
  year      = {2015},
  author    = {Erik Cambria and Amir Hussain},
}


@Book{,
  title = {Sentic Computing for Social Network Analysis},
}

@InBook{inBook_Bisio2016,
  chapter   = {Sentic Computing for Social Network Analysis},
  title     = {Sentiment Analysis in Social Networks},
  publisher = {Elsevier Inc},
  year      = {2016},
  author    = {F. Bisio and L. Onetoa and E. Cambria},
}

@InBook{inBook_Bisio2017,
  chapter = {Concept-Level Sentiment Analysis with SenticNet},
  pages   = {173-189},
  title   = {A Practical Guide to Sentiment Analysis},
  year    = {2017},
  author  = {Federica Bisio and Claudia Meda and Paolo Gastaldo and Rodolfo Zunino and Erik Cambria},
}

@Article{article_Tsugawa2013,
  author  = {Sho Tsugawa and Yukiko Mogi and Yusuke Kikuchi and Fumio Kishino and Kazuyuki Fujita and Yuichi Itoh and Hiroyuki Ohsaki},
  title   = {On Estimating Depressive Tendencies of Twitter Users Utilizing their Tweet Data},
  journal = {IEEE Virtual Reality},
  year    = {2013},
}

@Conference{Cambria2014,
  author = {E. Cambria and D. Olsher and D. Rajagopal},
  title  = {SenticNet 3: A common and common-sense sense knowledge base for cognition-driven sentiment analysis},
  year   = {2014},
}

@Misc{site_SenticNet,
  title        = {SenticNet},
  howpublished = {http://sentic.net},
}

@Article{article_Poria2014,
  author  = {S. Poria and E. Cambria and G. Winterstein and G.-B Huang},
  title   = {Sentic patterns: Dependency - based rules for concept-level sentiment analysis},
  journal = {Knowl.-Based Syst.},
  year    = {2014},
}

@Comment{jabref-meta: databaseType:bibtex;}
